@incollection{galicia2014extraction,
  title={Extraction of Semantic Relations from Opinion Reviews in Spanish},
  author={Galicia-Haro, Sof{\'\i}a N and Gelbukh, Alexander},
  booktitle={Human-Inspired Computing and Its Applications},
  pages={175--190},
  year={2014},
  publisher={Springer}
}


@incollection{ref3,
  title={La negaci칩n en Espa침ol},
  author={Sanz Alonso, Beatriz},
  booktitle={Actuales tendencias en la ense침anza del Espa침ol como lengua extranjera II: actas del VI Congreso Internacional de ASELE},
  pages={379--384},
  year={1996},
  publisher={Colegio de Espa{\~n}a}
}


@inproceedings{blanco2011semantic,
  title={Semantic representation of negation using focus detection},
  author={Blanco, Eduardo and Moldovan, Dan},
  booktitle={Proceedings of the 49th Annual Meeting of the Association for Computational Linguistics: Human Language Technologies-Volume 1},
  pages={581--589},
  year={2011},
  organization={Association for Computational Linguistics}
}



@inproceedings{wang2012baselines,
  title={Baselines and bigrams: Simple, good sentiment and topic classification},
  author={Wang, Sida and Manning, Christopher D},
  booktitle={Proceedings of the 50th Annual Meeting of the Association for Computational Linguistics: Short Papers-Volume 2},
  pages={90--94},
  year={2012},
  organization={Association for Computational Linguistics}
}




